@incollection{angularLanguage,
  title = {Documentation Angular},
  url   = {https://angular-doc.ru/docs}
}
@incollection{typescriptLanguage,
  title = {Documentation Typesctipt},
  url   = {https://www.typescriptlang.org/docs/}
}
@incollection{ccssLanguage,
  title = {Documentation CCSS},
  url   = {https://github.com/sathify/CCSS}
}
@incollection{htmlLanguage,
  title = {Documentation Html},
  url   = {https://html-doc.vercel.app/}
}
@incollection{http-get,
  title = {Выполнение HTTP-запросов},
  url   = {https://angular.dev/guide/http/making-requests}
}

@incollection{github,
  title = {Репозиторий команды, в котором лежит раздел Отловщиков},
  url   = {https://github.com/kotopesp/sos-kotopes}
}
@incollection{interpolation,
  title = {Отображение значений с интерполяцией},
  url   = {https://v17.angular.io/guide/interpolation}
}

@incollection{pipes,
  title = {Angular pipes using},
  url   = {https://angular.dev/guide/templates/pipes}
}
@incollection{services,
  title = {Сервисы в Angular},
  url   = {https://angular.dev/tutorials/first-app/09-services}
}

@incollection{ngClass,
  title = {Директива ngClass},
  url   = {https://angular.dev/api/common/NgClass}
}
